Details,Posting Date,Description,Amount,Type,Balance,Check or Slip #
DSLIP,06/21/2022,"ONLINE DEPOSIT",48.23,CHECK_DEPOSIT, ,1,
DEBIT,06/15/2022,"FRONTIER COMM CORP WE 800-921-8101 CT        06/14",-64.99,DEBIT_CARD,8929.18,,
CREDIT,06/15/2022,"C89303 CLEARSPEN DIR DEP                    PPD ID: 4462283648",4097.76,ACH_CREDIT,8994.17,,
CHECK,06/14/2022,"CHECK 375  ",-100.00,CHECK_PAID,4896.41,375,
DEBIT,06/13/2022,"FID BKG SVC LLC  MONEYLINE                  PPD ID: 1035141383",-250.00,ACH_DEBIT,4996.41,,
DEBIT,06/13/2022,"FID BKG SVC LLC  MONEYLINE                  PPD ID: 1035141383",-250.00,ACH_DEBIT,5246.41,,
DEBIT,06/13/2022,"8946 GREAT CLIPS AT PAV RIVERVIEW FL         06/12",-22.00,DEBIT_CARD,5496.41,,
DEBIT,06/10/2022,"DISCOVER         E-PAYMENT  9883            WEB ID: 3510020270",-1812.12,ACH_DEBIT,5518.41,,
DEBIT,06/06/2022,"ACI*GUARDIAN PROTECTI 888-279-6971 PA        06/05",-53.74,DEBIT_CARD,7330.53,,
DEBIT,06/02/2022,"Premier Communit RESIDENT    259540827      WEB ID: 2273639005",-163.95,ACH_DEBIT,7384.27,,
CHECK,06/01/2022,"CHECK 374  ",-100.00,CHECK_PAID,7548.22,374,
DEBIT,06/01/2022,"LAKEVIEW LN SRV  MTG PYMT   0047261250      WEB ID: 1541322890",-1062.75,ACH_DEBIT,7648.22,,
DEBIT,06/01/2022,"Zelle payment to Gary Miller 14239007591",-50.00,QUICKPAY_DEBIT,8710.97,,
DEBIT,05/31/2022,"APPLECARD GSBANK PAYMENT    53888324        WEB ID: 9999999999",-258.25,ACH_DEBIT,8760.97,,
DEBIT,05/31/2022,"SNACK SODA VENDING ZEPHYRHILLS FL            05/30",-1.60,DEBIT_CARD,9019.22,,
DEBIT,05/31/2022,"8946 GREAT CLIPS AT PAV RIVERVIEW FL         05/28",-22.00,DEBIT_CARD,9020.82,,
DEBIT,05/31/2022,"TECO/PEOPLE GAS  UTILITYBIL                 PPD ID: 9128751378",-111.90,ACH_DEBIT,9042.82,,
CREDIT,05/31/2022,"Zelle payment from HUNTER KEATING BACjg6l08vly",34.00,PARTNERFI_TO_CHASE,9154.72,,
CREDIT,05/31/2022,"C89303 CLEARSPEN DIR DEP                    PPD ID: 4462283648",4619.35,ACH_CREDIT,9120.72,,
DEBIT,05/26/2022,"HEALTHY PAWS PET INS TRACIM@HEALTH WA        05/25",-33.01,DEBIT_CARD,4501.37,,
DEBIT,05/24/2022,"TERMINIX         CHECKS                     PPD ID: 1363478837",-108.00,ACH_DEBIT,4534.38,,
DEBIT,05/23/2022,"FID BKG SVC LLC  MONEYLINE                  PPD ID: 1035141383",-250.00,ACH_DEBIT,4642.38,,
DEBIT,05/23/2022,"FID BKG SVC LLC  MONEYLINE                  PPD ID: 1035141383",-250.00,ACH_DEBIT,4892.38,,
DEBIT,05/19/2022,"THE HOME DEPOT #6380 RIVERVIEW FL    267279  05/19",-5037.36,DEBIT_CARD,5142.38,,
CHECK,05/17/2022,"CHECK 373  ",-100.00,CHECK_PAID,10179.74,373,
DEBIT,05/17/2022,"FRONTIER COMM CORP WE 800-921-8101 CT        05/16",-54.99,DEBIT_CARD,10279.74,,
DEBIT,05/16/2022,"FID BKG SVC LLC  MONEYLINE                  PPD ID: 1035141383",-250.00,ACH_DEBIT,10334.73,,
DEBIT,05/16/2022,"FID BKG SVC LLC  MONEYLINE                  PPD ID: 1035141383",-250.00,ACH_DEBIT,10584.73,,
DEBIT,05/16/2022,"8946 GREAT CLIPS AT PAV RIVERVIEW FL         05/14",-22.00,DEBIT_CARD,10834.73,,
CREDIT,05/13/2022,"C89303 CLEARSPEN DIR DEP                    PPD ID: 4462283648",4620.26,ACH_CREDIT,10856.73,,
DEBIT,05/10/2022,"DISCOVER         E-PAYMENT  9883            WEB ID: 3510020270",-1928.54,ACH_DEBIT,6236.47,,
DEBIT,05/09/2022,"FID BKG SVC LLC  MONEYLINE                  PPD ID: 1035141383",-250.00,ACH_DEBIT,8165.01,,
DEBIT,05/09/2022,"FID BKG SVC LLC  MONEYLINE                  PPD ID: 1035141383",-250.00,ACH_DEBIT,8415.01,,
CHECK,05/09/2022,"CHECK 372  ",-300.00,CHECK_PAID,8665.01,372,
DEBIT,05/09/2022,"Zelle payment to Gary Miller 14291811943",-25.00,QUICKPAY_DEBIT,8965.01,,
DEBIT,05/06/2022,"ACI*GUARDIAN PROTECTI 888-279-6971 PA        05/05",-53.74,DEBIT_CARD,8990.01,,
DEBIT,05/03/2022,"FID BKG SVC LLC  MONEYLINE                  PPD ID: 1035141383",-250.00,ACH_DEBIT,9043.75,,
DEBIT,05/03/2022,"FID BKG SVC LLC  MONEYLINE                  PPD ID: 1035141383",-250.00,ACH_DEBIT,9293.75,,
CHECK,05/03/2022,"CHECK 371  ",-100.00,CHECK_PAID,9543.75,371,
DEBIT,05/03/2022,"Premier Communit RESIDENT    255287628      WEB ID: 2273639005",-163.95,ACH_DEBIT,9643.75,,
DEBIT,05/02/2022,"FID BKG SVC LLC  MONEYLINE                  PPD ID: 1035141383",-250.00,ACH_DEBIT,9807.70,,
DEBIT,05/02/2022,"FID BKG SVC LLC  MONEYLINE                  PPD ID: 1035141383",-250.00,ACH_DEBIT,10057.70,,
DEBIT,05/02/2022,"APPLECARD GSBANK PAYMENT    53888324        WEB ID: 9999999999",-258.25,ACH_DEBIT,10307.70,,
DEBIT,05/02/2022,"Zelle payment to Gary Miller 14007181167",-50.00,QUICKPAY_DEBIT,10565.95,,
DEBIT,05/02/2022,"LAKEVIEW LN SRV  MTG PYMT   0047261250      WEB ID: 1541322890",-1062.75,ACH_DEBIT,10615.95,,
CREDIT,04/29/2022,"C89303 CLEARSPEN DIR DEP                    PPD ID: 4462283648",4619.35,ACH_CREDIT,11678.70,,
DEBIT,04/28/2022,"TECO/PEOPLE GAS  UTILITYBIL                 PPD ID: 9128751378",-97.17,ACH_DEBIT,7059.35,,
DEBIT,04/27/2022,"ATM WITHDRAWAL                       003152  04/2710027 E A",-1000.00,ATM,7156.52,,
DEBIT,04/26/2022,"HEALTHY PAWS PET INS TRACIM@HEALTH WA        04/25",-33.01,DEBIT_CARD,8156.52,,
DEBIT,04/25/2022,"8946 GREAT CLIPS AT PAV RIVERVIEW FL         04/23",-22.00,DEBIT_CARD,8189.53,,
DEBIT,04/22/2022,"FID BKG SVC LLC  MONEYLINE                  PPD ID: 1035141383",-250.00,ACH_DEBIT,8211.53,,
DEBIT,04/22/2022,"FID BKG SVC LLC  MONEYLINE                  PPD ID: 1035141383",-250.00,ACH_DEBIT,8461.53,,
DEBIT,04/22/2022,"CIGNA            INSPREMOT  B2211128880998  WEB ID: 1010120005",-15.27,ACH_DEBIT,8711.53,,
DEBIT,04/18/2022,"FID BKG SVC LLC  MONEYLINE                  PPD ID: 1035141383",-250.00,ACH_DEBIT,8726.80,,
DEBIT,04/18/2022,"FID BKG SVC LLC  MONEYLINE                  PPD ID: 1035141383",-250.00,ACH_DEBIT,8976.80,,
CREDIT,04/18/2022,"Zelle payment from HUNTER KEATING BACh685vq4t4",18.00,PARTNERFI_TO_CHASE,9226.80,,
CREDIT,04/18/2022,"Zelle payment from GARY B MILLER 14133316934",80.00,QUICKPAY_CREDIT,9208.80,,
DEBIT,04/15/2022,"VENMO            PAYMENT    1019554820778   WEB ID: 3264681992",-140.00,MISC_DEBIT,9128.80,,
DEBIT,04/15/2022,"TECK PAY EAST ORANGE NJ                      04/15",-99.84,DEBIT_CARD,9268.80,,
DEBIT,04/15/2022,"FRONTIER COMM CORP WE 800-921-8101 CT        04/14",-59.99,DEBIT_CARD,9368.64,,
CREDIT,04/15/2022,"C89303 CLEARSPEN DIR DEP                    PPD ID: 4462283648",4620.26,ACH_CREDIT,9428.63,,
DEBIT,04/13/2022,"FID BKG SVC LLC  MONEYLINE                  PPD ID: 0368004600",-250.00,ACH_DEBIT,4808.37,,
DEBIT,04/13/2022,"FID BKG SVC LLC  MONEYLINE                  PPD ID: 0368004600",-250.00,ACH_DEBIT,5058.37,,
DEBIT,04/12/2022,"CHECK OR SUPPLY  ORDER                      PPD ID: 1410216800",-25.00,FEE_TRANSACTION,5308.37,,
DEBIT,04/12/2022,"VENMO            PAYMENT    1019503658935   WEB ID: 3264681992",-100.00,MISC_DEBIT,5333.37,,
CREDIT,04/12/2022,"VENMO            CASHOUT                    PPD ID: 5264681992",15.00,MISC_CREDIT,5433.37,,
DEBIT,04/11/2022,"DISCOVER         E-PAYMENT  9883            WEB ID: 3510020270",-1502.56,ACH_DEBIT,5418.37,,
DEBIT,04/08/2022,"TREASURY DIRECT  TREAS DRCT                 PPD ID: 9051736158",-10000.00,ACH_DEBIT,6920.93,,
CREDIT,04/07/2022,"ALLY BANK        P2P        CRAIG E MILLER  WEB ID: 1770527921",5000.00,ACH_CREDIT,16920.93,,
DEBIT,04/06/2022,"ACI*GUARDIAN PROTECTI 888-279-6971 PA        04/05",-53.74,DEBIT_CARD,11920.93,,
CHECK,04/05/2022,"CHECK 270  ",-100.00,CHECK_PAID,11974.67,270,
DEBIT,04/04/2022,"Premier Communit RESIDENT    250846297      WEB ID: 2273639005",-163.95,ACH_DEBIT,12074.67,,
DEBIT,04/04/2022,"8946 GREAT CLIPS AT PAV RIVERVIEW FL         04/03",-21.00,DEBIT_CARD,12238.62,,
DEBIT,04/01/2022,"Zelle payment to Gary Miller 13774817306",-50.00,QUICKPAY_DEBIT,12259.62,,
DEBIT,04/01/2022,"LAKEVIEW LN SRV  MTG PYMT   0047261250      WEB ID: 1541322890",-1062.75,ACH_DEBIT,12309.62,,
DEBIT,03/31/2022,"FID BKG SVC LLC  MONEYLINE                  PPD ID: 1035141383",-2000.00,ACH_DEBIT,13372.37,,
CREDIT,03/31/2022,"C89303 CLEARSPEN DIR DEP                    PPD ID: 4462283648",4657.31,ACH_CREDIT,15372.37,,
DEBIT,03/30/2022,"TECO/PEOPLE GAS  UTILITYBIL                 PPD ID: 9128751378",-81.24,ACH_DEBIT,10715.06,,
DEBIT,03/28/2022,"BEST BUY      00005603 BRANDON FL    905884  03/27",-1773.73,DEBIT_CARD,10796.30,,
DEBIT,03/28/2022,"HEALTHY PAWS PET INS TRACIM@HEALTH WA        03/25",-33.01,DEBIT_CARD,12570.03,,
DEBIT,03/25/2022,"FID BKG SVC LLC  MONEYLINE                  PPD ID: 1035141383",-500.00,ACH_DEBIT,12603.04,,
DEBIT,03/25/2022,"CIGNA            INSPREMOT  B2208327466674  WEB ID: 1010120005",-410.35,ACH_DEBIT,13103.04,,
CREDIT,03/25/2022,"EVERNORTH ENTERP DIR DEP                    PPD ID: 1852732455",3982.07,ACH_CREDIT,13513.39,,
CHECK,03/22/2022,"CHECK 269  ",-195.00,CHECK_PAID,9531.32,269,
CHECK,03/22/2022,"CHECK 268  ",-100.00,CHECK_PAID,9726.32,268,
CHECK,03/21/2022,"CHECK 267  ",-180.14,CHECK_PAID,9826.32,267,
DEBIT,03/21/2022,"8946 GREAT CLIPS AT PAV RIVERVIEW FL         03/18",-21.00,DEBIT_CARD,10006.46,,
DEBIT,03/21/2022,"UNITED      016997874 800-932-2732 TX        03/18",-16.00,DEBIT_CARD,10027.46,,
DEBIT,03/21/2022,"UNITED      016772264 800-932-2732 TX        03/18",-697.19,DEBIT_CARD,10043.46,,
CHECK,03/18/2022,"CHECK 264  ",-336.60,CHECK_PAID,10740.65,264,
DEBIT,03/18/2022,"FRONTIER COMM CORP WE 800-921-8101 CT        03/17",-59.99,DEBIT_CARD,11077.25,,
CREDIT,03/15/2022,"C89303 CLEARSPEN DIR DEP                    PPD ID: 4462283648",986.38,ACH_CREDIT,11137.24,,
DEBIT,03/14/2022,"NON-CHASE ATM FEE-WITH",-2.50,FEE_TRANSACTION,10150.86,,
DEBIT,03/14/2022,"ATM WITHDRAWAL                       005539  03/1410027 E A",-800.00,ATM,10153.36,,
DEBIT,03/14/2022,"NON-CHASE ATM WITHDRAW               356314  03/1410820 GAN",-103.50,ATM,10953.36,,
DEBIT,03/14/2022,"FID BKG SVC LLC  MONEYLINE                  PPD ID: 1035141383",-1000.00,ACH_DEBIT,11056.86,,
DEBIT,03/14/2022,"APPLECARD GSBANK PAYMENT    53888324        WEB ID: 9999999999",-258.25,ACH_DEBIT,12056.86,,
DEBIT,03/14/2022,"AMZN Mktp US*1Z9124N Amzn.com/bill WA        03/14",-673.38,DEBIT_CARD,12315.11,,
CREDIT,03/14/2022,"Zelle payment from MICHAEL DEMAO BACu8x61duga",17.45,PARTNERFI_TO_CHASE,12988.49,,
CREDIT,03/14/2022,"Zelle payment from HUNTER KEATING BACghadqq9y0",18.00,PARTNERFI_TO_CHASE,12971.04,,
CREDIT,03/14/2022,"Zelle payment from HUNTER KEATING BACt3nuj5m8e",18.00,PARTNERFI_TO_CHASE,12953.04,,
CREDIT,03/11/2022,"EVERNORTH ENTERP DIR DEP                    PPD ID: 1852732455",2132.02,ACH_CREDIT,12935.04,,
CREDIT,03/11/2022,"EVERNORTH ENTERP DIR DEP                    PPD ID: 1852732455",8143.45,ACH_CREDIT,10803.02,,
DEBIT,03/10/2022,"DISCOVER         E-PAYMENT  9883            WEB ID: 3510020270",-2124.32,ACH_DEBIT,2659.57,,
DSLIP,03/10/2022,"REMOTE ONLINE DEPOSIT #          1",100.00,CHECK_DEPOSIT,4783.89,1,
CHECK,03/08/2022,"CHECK 266  ",-100.00,CHECK_PAID,4683.89,266,
DEBIT,03/07/2022,"ACI*GUARDIAN PROTECTI 888-279-6971 PA        03/05",-53.74,DEBIT_CARD,4783.89,,
DEBIT,03/07/2022,"8946 GREAT CLIPS AT PAV RIVERVIEW FL         03/04",-21.00,DEBIT_CARD,4837.63,,
CREDIT,03/03/2022,"EVERNORTH ENTERP DIR DEP                    PPD ID: 1852732455",39.41,ACH_CREDIT,4858.63,,
DEBIT,03/02/2022,"Premier Communit RESIDENT    246295772      WEB ID: 2273639005",-163.95,ACH_DEBIT,4819.22,,
DEBIT,03/01/2022,"TECO/PEOPLE GAS  UTILITYBIL                 PPD ID: 9128751378",-79.24,ACH_DEBIT,4983.17,,
DEBIT,03/01/2022,"LAKEVIEW LN SRV  MTG PYMT   0047261250      WEB ID: 1541322890",-1062.75,ACH_DEBIT,5062.41,,
DEBIT,03/01/2022,"Zelle payment to Gary Miller 13568375677",-50.00,QUICKPAY_DEBIT,6125.16,,
DEBIT,02/28/2022,"HEALTHY PAWS PET INS TRACIM@HEALTH WA        02/25",-33.33,DEBIT_CARD,6175.16,,
CREDIT,02/25/2022,"IRS  TREAS 310     TAX REF                  PPD ID: 9111736959",485.00,ACH_CREDIT,6208.49,,
CREDIT,02/25/2022,"EVERNORTH ENTERP DIR DEP                    PPD ID: 1852732455",2132.01,ACH_CREDIT,5723.49,,
CHECK,02/24/2022,"CHECK # 0263      PASSPORTSERVICES PAYMENT           ARC ID: 1900000122  ",-130.00,CHECK_PAID,3591.48,263,
CHECK,02/23/2022,"CHECK 265  ",-100.00,CHECK_PAID,3721.48,265,
DEBIT,02/22/2022,"5843 GREAT CLIPS AT GOO RIVERVIEW FL         02/19",-21.00,DEBIT_CARD,3821.48,,
DEBIT,02/22/2022,"PROGRESSIVE *INSURANC 800-776-4737 OH        02/20",-541.00,DEBIT_CARD,3842.48,,
DEBIT,02/18/2022,"TERMINIX         CHECKS                     PPD ID: 1363478837",-108.00,ACH_DEBIT,4383.48,,
DEBIT,02/17/2022,"FID BKG SVC LLC  MONEYLINE                  PPD ID: 1035141383",-400.00,ACH_DEBIT,4491.48,,
DEBIT,02/17/2022,"APPLECARD GSBANK PAYMENT    53888324        WEB ID: 9999999999",-490.68,ACH_DEBIT,4891.48,,
DEBIT,02/15/2022,"FRONTIER COMM CORP WE 800-921-8101 CT        02/14",-59.99,DEBIT_CARD,5382.16,,
DSLIP,02/15/2022,"REMOTE ONLINE DEPOSIT #          1",50.00,CHECK_DEPOSIT,5442.15,1,
CREDIT,02/11/2022,"EVERNORTH ENTERP DIR DEP                    PPD ID: 1852732455",2132.02,ACH_CREDIT,5392.15,,
DEBIT,02/10/2022,"DISCOVER         E-PAYMENT  9883            WEB ID: 3510020270",-2338.22,ACH_DEBIT,3260.13,,
CHECK,02/08/2022,"CHECK 262  ",-100.00,CHECK_PAID,5598.35,262,
DEBIT,02/08/2022,"Amazon Prime*RD9152C Amzn.com/bill WA        02/08",-120.02,DEBIT_CARD,5698.35,,
DEBIT,02/07/2022,"8946 GREAT CLIPS AT PAV RIVERVIEW FL         02/05",-21.00,DEBIT_CARD,5818.37,,
DEBIT,02/07/2022,"ACI*GUARDIAN PROTECTI 888-279-6971 PA        02/05",-53.74,DEBIT_CARD,5839.37,,
DEBIT,02/02/2022,"Premier Communit RESIDENT    242168082      WEB ID: 2273639005",-163.95,ACH_DEBIT,5893.11,,
DEBIT,02/01/2022,"LAKEVIEW LN SRV  MTG PYMT   0047261250      WEB ID: 1541322890",-1062.75,ACH_DEBIT,6057.06,,
DEBIT,02/01/2022,"Zelle payment to Gary Miller 13357793783",-50.00,QUICKPAY_DEBIT,7119.81,,
DEBIT,01/31/2022,"TECO/PEOPLE GAS  UTILITYBIL                 PPD ID: 9128751378",-91.75,ACH_DEBIT,7169.81,,
CREDIT,01/28/2022,"EVERNORTH ENTERP DIR DEP                    PPD ID: 1852732455",2132.03,ACH_CREDIT,7261.56,,
CHECK,01/26/2022,"CHECK 261  ",-100.00,CHECK_PAID,5129.53,261,
DEBIT,01/26/2022,"HEALTHY PAWS PET INS TRACIM@HEALTH WA        01/25",-33.33,DEBIT_CARD,5229.53,,
DEBIT,01/24/2022,"8946 GREAT CLIPS AT PAV RIVERVIEW FL         01/21",-21.00,DEBIT_CARD,5262.86,,
DEBIT,01/18/2022,"FRONTIER COMM CORP WE 800-921-8101 CT        01/14",-59.99,DEBIT_CARD,5283.86,,
DEBIT,01/14/2022,"1PASSWORD TORONTO ON                         01/13",-35.88,DEBIT_CARD,5343.85,,
CREDIT,01/14/2022,"EVERNORTH ENTERP DIR DEP                    PPD ID: 1852732455",2132.02,ACH_CREDIT,5379.73,,
DEBIT,01/12/2022,"CULLIGAN WATER 888-4404542 FL                01/10",-508.00,DEBIT_CARD,3247.71,,
CHECK,01/11/2022,"CHECK 260  ",-100.00,CHECK_PAID,3755.71,260,
CHECK,01/10/2022,"CHECK 259  ",-17.87,CHECK_PAID,3855.71,259,
DEBIT,01/10/2022,"FID BKG SVC LLC  MONEYLINE                  PPD ID: 1035141383",-200.00,ACH_DEBIT,3873.58,,
DEBIT,01/10/2022,"DISCOVER         E-PAYMENT  9883            WEB ID: 3510020270",-1072.08,ACH_DEBIT,4073.58,,
DEBIT,01/06/2022,"FID BKG SVC LLC  MONEYLINE                  PPD ID: 1035141383",-200.00,ACH_DEBIT,5145.66,,
DEBIT,01/06/2022,"ACI*GUARDIAN PROTECTI 888-279-6971 PA        01/05",-53.74,DEBIT_CARD,5345.66,,
DEBIT,01/04/2022,"Premier Communit RESIDENT    237928979      WEB ID: 2273639005",-163.95,ACH_DEBIT,5399.40,,
DEBIT,01/03/2022,"Zelle payment to Hunter NA JPM934417734",-16.00,CHASE_TO_PARTNERFI,5563.35,,
DEBIT,01/03/2022,"Zelle payment to Gary Miller 13130912234",-50.00,QUICKPAY_DEBIT,5579.35,,
DEBIT,01/03/2022,"LAKEVIEW LN SRV  MTG PYMT   0047261250      WEB ID: 1541322890",-1064.18,ACH_DEBIT,5629.35,,
DSLIP,01/03/2022,"REMOTE ONLINE DEPOSIT #          1",202.12,CHECK_DEPOSIT,6693.53,1,
CREDIT,12/31/2021,"EXPRESS SCRIPTS  DIR DEP                    PPD ID: 1431832983",2326.96,ACH_CREDIT,6491.41,,
DEBIT,12/29/2021,"TECO/PEOPLE GAS  UTILITYBIL                 PPD ID: 9128751378",-78.87,ACH_DEBIT,4164.45,,
CHECK,12/29/2021,"CHECK 258  ",-180.00,CHECK_PAID,4243.32,258,
CHECK,12/27/2021,"CHECK 257  ",-200.00,CHECK_PAID,4423.32,257,
DEBIT,12/27/2021,"5843 GREAT CLIPS AT GOO RIVERVIEW FL         12/26",-20.00,DEBIT_CARD,4623.32,,
DEBIT,12/27/2021,"HEALTHY PAWS PET INS TRACIM@HEALTH WA        12/25",-33.33,DEBIT_CARD,4643.32,,
CHECK,12/23/2021,"CHECK 256  ",-135.18,CHECK_PAID,4676.65,256,
DEBIT,12/20/2021,"FID BKG SVC LLC  MONEYLINE                  PPD ID: 1035141383",-200.00,ACH_DEBIT,4811.83,,
DEBIT,12/17/2021,"FID BKG SVC LLC  MONEYLINE                  PPD ID: 1035141383",-400.00,ACH_DEBIT,5011.83,,
CREDIT,12/17/2021,"EXPRESS SCRIPTS  DIR DEP                    PPD ID: 1431832983",2326.96,ACH_CREDIT,5411.83,,
DEBIT,12/16/2021,"FRONTIER COMM CORP WE 800-921-8101 CT        12/15",-59.99,DEBIT_CARD,3084.87,,
CREDIT,12/16/2021,"Zelle payment from HUNTER KEATING BACu7fublskt",30.00,PARTNERFI_TO_CHASE,3144.86,,
CHECK,12/14/2021,"CHECK 255  ",-100.00,CHECK_PAID,3114.86,255,
DEBIT,12/10/2021,"DISCOVER         E-PAYMENT  9883            WEB ID: 3510020270",-2180.90,ACH_DEBIT,3214.86,,
DEBIT,12/10/2021,"5843 GREAT CLIPS AT GOO RIVERVIEW FL         12/09",-20.00,DEBIT_CARD,5395.76,,
DEBIT,12/10/2021,"Derek Espino DMD, PA Riverview FL            12/09",-335.00,DEBIT_CARD,5415.76,,
DEBIT,12/06/2021,"ACI*GUARDIAN PROTECTI 888-279-6971 PA        12/05",-53.74,DEBIT_CARD,5750.76,,
DEBIT,12/06/2021,"Amazon.com*ZZ6GF9UX3 Amzn.com/bill WA        12/04",-200.00,DEBIT_CARD,5804.50,,
DEBIT,12/06/2021,"BANFIELD 0320 BRANDON FL                     12/03",-373.28,DEBIT_CARD,6004.50,,
CREDIT,12/03/2021,"EXPRESS SCRIPTS  DIR DEP                    PPD ID: 1431832983",2326.96,ACH_CREDIT,6377.78,,
DEBIT,12/02/2021,"Premier Communit RESIDENT    233529927      WEB ID: 2273639005",-163.95,ACH_DEBIT,4050.82,,
DEBIT,12/01/2021,"Zelle payment to Gary Miller 12918776270",-50.00,QUICKPAY_DEBIT,4214.77,,
DEBIT,12/01/2021,"FID BKG SVC LLC  MONEYLINE                  PPD ID: 0368004600",-500.00,ACH_DEBIT,4264.77,,
DEBIT,12/01/2021,"LAKEVIEW LN SRV  MTG PYMT   0047261250      WEB ID: 1541322890",-1264.18,ACH_DEBIT,4764.77,,
DEBIT,11/30/2021,"TECO/PEOPLE GAS  UTILITYBIL                 PPD ID: 9128751378",-93.96,ACH_DEBIT,6028.95,,
DSLIP,11/29/2021,"REMOTE ONLINE DEPOSIT #          1",500.00,CHECK_DEPOSIT,6122.91,1,
CHECK,11/26/2021,"CHECK 253  ",-150.00,CHECK_PAID,5622.91,253,
DEBIT,11/26/2021,"HEALTHY PAWS PET INS TRACIM@HEALTH WA        11/25",-33.33,DEBIT_CARD,5772.91,,
CHECK,11/24/2021,"CHECK 252  ",-65.00,CHECK_PAID,5806.24,252,
DEBIT,11/24/2021,"8946 GREAT CLIPS AT PAV RIVERVIEW FL         11/23",-21.00,DEBIT_CARD,5871.24,,
CREDIT,11/22/2021,"Zelle payment from MICHAEL DEMAO BACpqgf06b6z",14.00,PARTNERFI_TO_CHASE,5892.24,,
CREDIT,11/22/2021,"Zelle payment from HUNTER KEATING BACok7oxhqgl",14.00,PARTNERFI_TO_CHASE,5878.24,,
CHECK,11/19/2021,"CHECK 249  ",-87.34,CHECK_PAID,5864.24,249,
DEBIT,11/19/2021,"OKCUPID.COM 646-450-7073 TX                  11/18",-89.99,DEBIT_CARD,5951.58,,
CREDIT,11/19/2021,"EXPRESS SCRIPTS  DIR DEP                    PPD ID: 1431832983",2326.95,ACH_CREDIT,6041.57,,
CREDIT,11/18/2021,"Zelle payment from HUNTER KEATING BACk89dgncs4",2.00,PARTNERFI_TO_CHASE,3714.62,,
CHECK,11/16/2021,"CHECK 251  ",-100.00,CHECK_PAID,3712.62,251,
DEBIT,11/16/2021,"FRONTIER COMM CORP WE 800-921-8101 CT        11/15",-59.99,DEBIT_CARD,3812.62,,
DEBIT,11/15/2021,"TERMINIX         CHECKS                     PPD ID: 1363478837",-108.00,ACH_DEBIT,3872.61,,
DSLIP,11/15/2021,"REMOTE ONLINE DEPOSIT #          1",50.00,CHECK_DEPOSIT,3980.61,1,
DEBIT,11/12/2021,"Progressive Air System 727-8473898 FL        11/10",-974.95,DEBIT_CARD,3930.61,,
DEBIT,11/10/2021,"DISCOVER         E-PAYMENT  9883            WEB ID: 3510020270",-2074.05,ACH_DEBIT,4905.56,,
DEBIT,11/09/2021,"AIR VAC CONNECTION TAMPA FL                  11/09",-1.50,DEBIT_CARD,6979.61,,
CREDIT,11/09/2021,"Zelle payment from HUNTER KEATING BACynt3o636c",20.00,PARTNERFI_TO_CHASE,6981.11,,
DEBIT,11/08/2021,"ACI*GUARDIAN PROTECTI 888-279-6971 PA        11/05",-53.74,DEBIT_CARD,6961.11,,
CREDIT,11/08/2021,"Zelle payment from MICHAEL DEMAO BACld996ecdv",14.00,PARTNERFI_TO_CHASE,7014.85,,
CREDIT,11/08/2021,"Zelle payment from HUNTER KEATING BACwnbsshdy9",28.00,PARTNERFI_TO_CHASE,7000.85,,
CREDIT,11/05/2021,"EXPRESS SCRIPTS  DIR DEP                    PPD ID: 1431832983",2326.96,ACH_CREDIT,6972.85,,
DEBIT,11/04/2021,"TREASURY DIRECT  TREAS DRCT                 PPD ID: 9051736158",-9975.00,ACH_DEBIT,4645.89,,
DEBIT,11/04/2021,"UDEMY: ONLINE COURSE HTTPSWWW.UDEM CA        11/04",-16.82,DEBIT_CARD,14620.89,,
CHECK,11/02/2021,"CHECK 250  ",-100.00,CHECK_PAID,14637.71,250,
DEBIT,11/02/2021,"Premier Communit RESIDENT    229667198      WEB ID: 2273639005",-163.95,ACH_DEBIT,14737.71,,
DEBIT,11/01/2021,"Zelle payment to Gary Miller 12702077055",-50.00,QUICKPAY_DEBIT,14901.66,,
DEBIT,11/01/2021,"LAKEVIEW LN SRV  MTG PYMT   0047261250      WEB ID: 1541322890",-1264.18,ACH_DEBIT,14951.66,,
DEBIT,10/28/2021,"TECO/PEOPLE GAS  UTILITYBIL                 PPD ID: 9128751378",-103.91,ACH_DEBIT,16215.84,,
DEBIT,10/28/2021,"1194 GREAT CLIPS AT LIT VALRICO FL           10/27",-20.00,DEBIT_CARD,16319.75,,
DEBIT,10/26/2021,"HEALTHY PAWS PET INS TRACIM@HEALTH WA        10/25",-33.33,DEBIT_CARD,16339.75,,
DEBIT,10/25/2021,"TREASURY DIRECT  TREAS DRCT                 PPD ID: 9051736158",-25.00,ACH_DEBIT,16373.08,,
CREDIT,10/25/2021,"ALLY BANK        P2P        CRAIG E MILLER  WEB ID: 1770527921",10000.00,ACH_CREDIT,16398.08,,
DSLIP,10/25/2021,"REMOTE ONLINE DEPOSIT #          1",300.00,CHECK_DEPOSIT,6398.08,1,
DSLIP,10/25/2021,"REMOTE ONLINE DEPOSIT #          1",300.00,CHECK_DEPOSIT,6098.08,1,
DSLIP,10/25/2021,"REMOTE ONLINE DEPOSIT #          1",1000.00,CHECK_DEPOSIT,5798.08,1,
CREDIT,10/22/2021,"EXPRESS SCRIPTS  DIR DEP                    PPD ID: 1431832983",2326.96,ACH_CREDIT,4798.08,,
CHECK,10/21/2021,"CHECK 248  ",-35.00,CHECK_PAID,2471.12,248,
DEBIT,10/18/2021,"8946 GREAT CLIPS AT PAV RIVERVIEW FL         10/17",-21.00,DEBIT_CARD,2506.12,,
DEBIT,10/18/2021,"FRONTIER COMM CORP WE 800-921-8101 CT        10/15",-59.99,DEBIT_CARD,2527.12,,
DEBIT,10/18/2021,"BEACHSIDE RESORT & SUI COCOA BEACH FL        10/15",-556.64,DEBIT_CARD,2587.11,,
DEBIT,10/18/2021,"HILTON BUENA VISTA PA LK BUENA VIS FL        10/14",-1257.49,DEBIT_CARD,3143.75,,
CHECK,10/15/2021,"CHECK 247  ",-210.00,CHECK_PAID,4401.24,247,
DEBIT,10/13/2021,"Zelle payment to Paul JPM780356188",-18.23,CHASE_TO_PARTNERFI,4611.24,,
DEBIT,10/13/2021,"Zelle payment to Paul JPM780268376",-18.23,CHASE_TO_PARTNERFI,4629.47,,
CREDIT,10/13/2021,"Zelle payment from HUNTER KEATING BACghop71q6k",18.23,PARTNERFI_TO_CHASE,4647.70,,
DEBIT,10/12/2021,"DISCOVER         E-PAYMENT  9883            WEB ID: 3510020270",-2380.52,ACH_DEBIT,4629.47,,
DEBIT,10/08/2021,"Premier Communit RESIDENT    227397518      WEB ID: 2273639005",-43.95,ACH_DEBIT,7009.99,,
CREDIT,10/08/2021,"EXPRESS SCRIPTS  DIR DEP                    PPD ID: 1431832983",2326.96,ACH_CREDIT,7053.94,,
DEBIT,10/06/2021,"AUNTIE ANNE'S FL 158-1 BRANDON FL            10/05",-8.79,DEBIT_CARD,4726.98,,
DEBIT,10/06/2021,"JCPENNEY 0766 BRANDON FL                     10/05",-69.88,DEBIT_CARD,4735.77,,
DEBIT,10/06/2021,"ACI*GUARDIAN PROTECTI 888-279-6971 PA        10/05",-53.74,DEBIT_CARD,4805.65,,
CHECK,10/05/2021,"CHECK 246  ",-100.00,CHECK_PAID,4859.39,246,
DEBIT,10/04/2021,"Premier Communit RESIDENT    225544358      WEB ID: 2273639005",-163.95,ACH_DEBIT,4959.39,,
DEBIT,10/04/2021,"TARGET T- 10150 Bloomi Riverview FL          10/02",-150.47,DEBIT_CARD,5123.34,,
DEBIT,10/04/2021,"UBREAKIFIX VALRICO FL                        10/01",-319.26,DEBIT_CARD,5273.81,,
DEBIT,10/04/2021,"1194 GREAT CLIPS AT LIT VALRICO FL           10/01",-19.00,DEBIT_CARD,5593.07,,
DEBIT,10/04/2021,"COLDSTONE CREAMERY#2065 VALRICO FL           10/02",-8.98,DEBIT_CARD,5612.07,,
DEBIT,10/01/2021,"FID BKG SVC LLC  MONEYLINE                  PPD ID: 1035141383",-500.00,ACH_DEBIT,5621.05,,
DEBIT,10/01/2021,"LAKEVIEW LN SRV  MTG PYMT   0047261250      WEB ID: 1541322890",-1264.18,ACH_DEBIT,6121.05,,
DEBIT,10/01/2021,"Zelle payment to Gary Miller 12497534156",-50.00,QUICKPAY_DEBIT,7385.23,,
DEBIT,10/01/2021,"CHINA ONE RIVERVIEW FL                       09/30",-14.52,DEBIT_CARD,7435.23,,
CREDIT,09/30/2021,"Zelle payment from SHAWN LAWLESS FTB024160781",1.00,PARTNERFI_TO_CHASE,7449.75,,
CREDIT,09/30/2021,"Zelle payment from HUNTER KEATING BACi4gnex1dv",2.00,PARTNERFI_TO_CHASE,7448.75,,
DEBIT,09/29/2021,"TECO/PEOPLE GAS  UTILITYBIL                 PPD ID: 9128751378",-121.38,ACH_DEBIT,7446.75,,
DEBIT,09/27/2021,"HEALTHY PAWS PET INS TRACIM@HEALTH WA        09/25",-33.33,DEBIT_CARD,7568.13,,
CREDIT,09/27/2021,"Zelle payment from HUNTER KEATING BACxt9xdaww8",13.00,PARTNERFI_TO_CHASE,7601.46,,
CREDIT,09/24/2021,"EXPRESS SCRIPTS  DIR DEP                    PPD ID: 1431832983",2326.96,ACH_CREDIT,7588.46,,
CHECK,09/23/2021,"CHECK 319  ",-100.00,CHECK_PAID,5261.50,319,
CHECK,09/21/2021,"CHECK 320  ",-100.00,CHECK_PAID,5361.50,320,
DEBIT,09/21/2021,"REGAL CINEMAS MOBILE G_CUSTOMERREL TN        09/20",-27.60,DEBIT_CARD,5461.50,,
DEBIT,09/20/2021,"FID BKG SVC LLC  MONEYLINE                  PPD ID: 1035141383",-500.00,ACH_DEBIT,5489.10,,
DEBIT,09/15/2021,"FRONTIER COMM CORP WE 800-921-8101 CT        09/14",-59.99,DEBIT_CARD,5989.10,,
CHECK,09/14/2021,"CHECK 318  ",-65.00,CHECK_PAID,6049.09,318,
DEBIT,09/14/2021,"INMATETALKS.COM 561-6090340 FL               09/13",-44.99,DEBIT_CARD,6114.09,,
DEBIT,09/10/2021,"DISCOVER         E-PAYMENT  9883            WEB ID: 3510020270",-1684.18,ACH_DEBIT,6159.08,,
CREDIT,09/10/2021,"EXPRESS SCRIPTS  DIR DEP                    PPD ID: 1431832983",2326.96,ACH_CREDIT,7843.26,,
CHECK,09/07/2021,"CHECK 316  ",-180.00,CHECK_PAID,5516.30,316,
DEBIT,09/07/2021,"ACI*GUARDIAN PROTECTI 888-279-6971 PA        09/05",-53.74,DEBIT_CARD,5696.30,,
CHECK,09/03/2021,"CHECK 315  ",-70.00,CHECK_PAID,5750.04,315,
DEBIT,09/02/2021,"Premier Communit RESIDENT    221645202      WEB ID: 2273639005",-163.95,ACH_DEBIT,5820.04,,
DEBIT,09/01/2021,"LAKEVIEW LN SRV  MTG PYMT   0047261250      WEB ID: 1541322890",-1264.18,ACH_DEBIT,5983.99,,
DEBIT,09/01/2021,"Zelle payment to Gary Miller 12291403340",-50.00,QUICKPAY_DEBIT,7248.17,,
DEBIT,09/01/2021,"UNIVERSAL ORLANDO WEB 407-224-4233 FL        08/31",-384.46,DEBIT_CARD,7298.17,,
DEBIT,09/01/2021,"WDW DISNEY TICKETS 407-828-5630 FL           08/31",-353.41,DEBIT_CARD,7682.63,,
CHECK,08/30/2021,"CHECK 314  ",-100.00,CHECK_PAID,8036.04,314,
DSLIP,08/30/2021,"REMOTE ONLINE DEPOSIT #          1",500.00,CHECK_DEPOSIT,8136.04,1,
DEBIT,08/27/2021,"TECO/PEOPLE GAS  UTILITYBIL                 PPD ID: 9128751378",-100.94,ACH_DEBIT,7636.04,,
CREDIT,08/27/2021,"EXPRESS SCRIPTS  DIR DEP                    PPD ID: 1431832983",2326.96,ACH_CREDIT,7736.98,,
DEBIT,08/26/2021,"HEALTHY PAWS PET INS TRACIM@HEALTH WA        08/25",-33.33,DEBIT_CARD,5410.02,,
DEBIT,08/24/2021,"Premier Communit RESIDENT    220367272      WEB ID: 2273639005",-248.31,ACH_DEBIT,5443.35,,
DEBIT,08/23/2021,"THE MENS WEARHOUSE #33 BRANDON FL            08/22",-658.96,DEBIT_CARD,5691.66,,
DEBIT,08/23/2021,"8946 GREAT CLIPS AT PAV RIVERVIEW FL         08/21",-21.00,DEBIT_CARD,6350.62,,
DEBIT,08/19/2021,"FRONTIER COMM CORP WE 800-921-8101 CT        08/18",-59.99,DEBIT_CARD,6371.62,,
CHECK,08/13/2021,"CHECK 313  ",-100.00,CHECK_PAID,6431.61,313,
DEBIT,08/13/2021,"HOOTERS #8 TAMPA FL                          08/11",-18.62,DEBIT_CARD,6531.61,,
CREDIT,08/13/2021,"EXPRESS SCRIPTS  DIR DEP                    PPD ID: 1431832983",2326.96,ACH_CREDIT,6550.23,,
DEBIT,08/12/2021,"TERMINIX         CHECKS                     PPD ID: 1363478837",-90.00,ACH_DEBIT,4223.27,,
CHECK,08/10/2021,"CHECK 312  ",-62.71,CHECK_PAID,4313.27,312,
CHECK,08/10/2021,"CHECK 311  ",-30.00,CHECK_PAID,4375.98,311,
DEBIT,08/10/2021,"DISCOVER         E-PAYMENT  9883            WEB ID: 3510020270",-1655.08,ACH_DEBIT,4405.98,,
DEBIT,08/09/2021,"Zelle payment to Hunter NA JPM673452367",-78.00,CHASE_TO_PARTNERFI,6061.06,,
DEBIT,08/09/2021,"8946 GREAT CLIPS AT PAV RIVERVIEW FL         08/06",-20.00,DEBIT_CARD,6139.06,,
DEBIT,08/06/2021,"ACI*GUARDIAN PROTECTI 888-279-6971 PA        08/05",-53.74,DEBIT_CARD,6159.06,,
CREDIT,08/05/2021,"Zelle payment from SHAWN LAWLESS FTB022172425",1.00,PARTNERFI_TO_CHASE,6212.80,,
DEBIT,08/04/2021,"PROGRESSIVE *INSURANC 800-776-4737 OH        08/03",-519.00,DEBIT_CARD,6211.80,,
CHECK,08/02/2021,"CHECK 310  ",-100.00,CHECK_PAID,6730.80,310,
DEBIT,08/02/2021,"Zelle payment to Gary Miller 12083599680",-50.00,QUICKPAY_DEBIT,6830.80,,
DEBIT,08/02/2021,"Zelle payment to Hunter NA JPM665826984",-13.00,CHASE_TO_PARTNERFI,6880.80,,
DEBIT,08/02/2021,"LAKEVIEW LN SRV  MTG PYMT   0047261250      WEB ID: 1541322890",-1264.18,ACH_DEBIT,6893.80,,
CREDIT,07/30/2021,"EXPRESS SCRIPTS  DIR DEP                    PPD ID: 1431832983",2326.96,ACH_CREDIT,8157.98,,
DEBIT,07/29/2021,"TECO/PEOPLE GAS  UTILITYBIL                 PPD ID: 9128751378",-105.69,ACH_DEBIT,5831.02,,
DEBIT,07/26/2021,"NON-CHASE ATM FEE-WITH",-2.50,FEE_TRANSACTION,5936.71,,
DEBIT,07/26/2021,"NON-CHASE ATM WITHDRAW               005626  07/262602 W KE",-63.25,ATM,5939.21,,
DEBIT,07/26/2021,"HEALTHY PAWS PET INS TRACIM@HEALTH WA        07/25",-33.33,DEBIT_CARD,6002.46,,
DEBIT,07/26/2021,"8946 GREAT CLIPS AT PAV RIVERVIEW FL         07/23",-20.00,DEBIT_CARD,6035.79,,
CREDIT,07/22/2021,"Zelle payment from HUNTER KEATING BACysr8ris0l",2.00,PARTNERFI_TO_CHASE,6055.79,,
DEBIT,07/20/2021,"ROBINHOOD        DEBITS     416866192       WEB ID: 5326394001",-500.00,ACH_DEBIT,6053.79,,
DEBIT,07/16/2021,"FRONTIER COMM CORP WE 800-921-8101 CT        07/15",-59.99,DEBIT_CARD,6553.79,,
CREDIT,07/16/2021,"EXPRESS SCRIPTS  DIR DEP                    PPD ID: 1431832983",2326.96,ACH_CREDIT,6613.78,,
DEBIT,07/14/2021,"FID BKG SVC LLC  MONEYLINE                  PPD ID: 1035141383",-1000.00,ACH_DEBIT,4286.82,,
CHECK,07/13/2021,"CHECK 309  ",-100.00,CHECK_PAID,5286.82,309,
DEBIT,07/12/2021,"Zelle payment to Lyla NA Treasurer JPM645655638",-23.80,CHASE_TO_PARTNERFI,5386.82,,
DEBIT,07/12/2021,"QUICK FUEL OF B TAMPA FL                     07/10",-6.29,DEBIT_CARD,5410.62,,
DEBIT,07/12/2021,"DISCOVER         E-PAYMENT  9883            WEB ID: 3510020270",-1303.07,ACH_DEBIT,5416.91,,
DEBIT,07/12/2021,"8946 GREAT CLIPS AT PAV RIVERVIEW FL         07/09",-20.00,DEBIT_CARD,6719.98,,
DEBIT,07/07/2021,"FID BKG SVC LLC  MONEYLINE                  PPD ID: 1035141383",-1000.00,ACH_DEBIT,6739.98,,
DEBIT,07/07/2021,"LAKEVIEW LN SRV  MTG PYMT   0047261250      WEB ID: 1541322890",-1264.18,ACH_DEBIT,7739.98,,
CREDIT,07/07/2021,"Zelle payment from HUNTER KEATING BAClb784w2zx",15.50,PARTNERFI_TO_CHASE,9004.16,,
DEBIT,07/06/2021,"Premier Communit RESIDENT    213999734      WEB ID: 2273639005",-163.95,ACH_DEBIT,8988.66,,
DEBIT,07/06/2021,"ACI*GUARDIAN PROTECTI 888-279-6971 PA        07/05",-53.74,DEBIT_CARD,9152.61,,
CREDIT,07/02/2021,"EXPRESS SCRIPTS  DIR DEP                    PPD ID: 1431832983",2326.96,ACH_CREDIT,9206.35,,
DSLIP,07/02/2021,"DEPOSIT  ID NUMBER  23602",930.00,DEPOSIT,6879.39,,
DEBIT,07/01/2021,"Zelle payment to Gary Miller 11884469220",-50.00,QUICKPAY_DEBIT,5949.39,,
DEBIT,06/30/2021,"FID BKG SVC LLC  MONEYLINE                  PPD ID: 1035141383",-1000.00,ACH_DEBIT,5999.39,,
CHECK,06/29/2021,"CHECK 308  ",-100.00,CHECK_PAID,6999.39,308,
DEBIT,06/29/2021,"TECO/PEOPLE GAS  UTILITYBIL                 PPD ID: 9128751378",-96.00,ACH_DEBIT,7099.39,,
DEBIT,06/28/2021,"HEALTHY PAWS PET INS TRACIM@HEALTH WA        06/25",-33.33,DEBIT_CARD,7195.39,,
CREDIT,06/18/2021,"EXPRESS SCRIPTS  DIR DEP                    PPD ID: 1431832983",2326.96,ACH_CREDIT,7228.72,,
CHECK,06/15/2021,"CHECK 306  ",-100.00,CHECK_PAID,4901.76,306,
DEBIT,06/10/2021,"DISCOVER         E-PAYMENT  9883            WEB ID: 3510020270",-3120.49,ACH_DEBIT,5001.76,,
DEBIT,06/08/2021,"Progressive Air System 727-8473898 FL        06/07",-447.85,DEBIT_CARD,8122.25,,
DEBIT,06/08/2021,"SPECTRUM 855-707-7328 FL                     06/08",-84.99,DEBIT_CARD,8570.10,,
CREDIT,06/08/2021,"ALLY BANK        P2P        CRAIG E MILLER  WEB ID: 1770527921",5000.00,ACH_CREDIT,8655.09,,
DEBIT,06/07/2021,"BESTBUYCOM806461916669 888-BESTBUY MN        06/05",-2042.49,DEBIT_CARD,3655.09,,
DEBIT,06/07/2021,"SPECTRUM 855-707-7328 MO                     06/05",-25.99,DEBIT_CARD,5697.58,,
DEBIT,06/07/2021,"ACI*GUARDIAN PROTECTI 888-279-6971 PA        06/05",-53.74,DEBIT_CARD,5723.57,,
DEBIT,06/04/2021,"LAKEVIEW LN SRV  MTG PYMT   0047261250      WEB ID: 1541322890",-1264.18,ACH_DEBIT,5777.31,,
CREDIT,06/04/2021,"EXPRESS SCRIPTS  DIR DEP                    PPD ID: 1431832983",2326.97,ACH_CREDIT,7041.49,,
DEBIT,06/03/2021,"Premier Communit RESIDENT    210140218      WEB ID: 2273639005",-163.95,ACH_DEBIT,4714.52,,
DEBIT,06/03/2021,"CTS*FRONTIER ONLINEPA 800-921-8101 CT        06/02",-59.99,DEBIT_CARD,4878.47,,
CHECK,06/02/2021,"CHECK 305  ",-100.00,CHECK_PAID,4938.46,305,
DEBIT,06/01/2021,"Zelle payment to Gary Miller 11719766861",-50.00,QUICKPAY_DEBIT,5038.46,,
DEBIT,06/01/2021,"ALLY BANK        $TRANSFER  3401687695      WEB ID: 3770527921",-7000.00,ACH_DEBIT,5088.46,,
DEBIT,06/01/2021,"PETSMART # 0320 BRANDON FL           602993  05/31",-47.28,DEBIT_CARD,12088.46,,
DEBIT,06/01/2021,"BANFIELD 0320 BRANDON FL                     05/31",-164.99,DEBIT_CARD,12135.74,,
DEBIT,06/01/2021,"PLEXINCPASS LIFETIME PLEX.TV CA              05/30",-119.99,DEBIT_CARD,12300.73,,
DEBIT,06/01/2021,"CUROPAY*BITLOVE LTD OSS                      05/29",-30.00,DEBIT_CARD,12420.72,,
DEBIT,06/01/2021,"8946 GREAT CLIPS AT PAV RIVERVIEW FL         05/28",-20.00,DEBIT_CARD,12450.72,,
DEBIT,05/28/2021,"TECO/PEOPLE GAS  UTILITYBIL                 PPD ID: 9128751378",-77.14,ACH_DEBIT,12470.72,,
DEBIT,05/28/2021,"TERMINIX         CHECKS                     PPD ID: 1363478837",-90.00,ACH_DEBIT,12547.86,,
DEBIT,05/28/2021,"GameStop 817-422-2085 TX                     05/27",-781.70,DEBIT_CARD,12637.86,,
DEBIT,05/26/2021,"HEALTHY PAWS PET INS TRACIM@HEALTH WA        05/25",-33.33,DEBIT_CARD,13419.56,,
DEBIT,05/24/2021,"OKCUPID.COM 646-450-7073 TX                  05/22",-89.99,DEBIT_CARD,13452.89,,
DEBIT,05/21/2021,"UDEMY ONLINE COURSES HTTPSWWW.UDEM CA        05/21",-11.96,DEBIT_CARD,13542.88,,
CREDIT,05/21/2021,"EXPRESS SCRIPTS  DIR DEP                    PPD ID: 1431832983",2326.96,ACH_CREDIT,13554.84,,
DEBIT,05/19/2021,"BRANDON HYUNDAI TAMPA FL                     05/18",-47.96,DEBIT_CARD,11227.88,,
CHECK,05/18/2021,"CHECK 304  ",-100.00,CHECK_PAID,11275.84,304,
DEBIT,05/17/2021,"THE HOME DEPOT #6380 RIVERVIEW FL    468100  05/16",-303.91,DEBIT_CARD,11375.84,,
DEBIT,05/17/2021,"gotinder.com/help Tinder TX                  05/16",-79.98,DEBIT_CARD,11679.75,,
DEBIT,05/12/2021,"ROBINHOOD        Funds      416866192       WEB ID: 1464364776",-1000.00,ACH_DEBIT,11759.73,,
DEBIT,05/12/2021,"LAKEVIEW LN SRV  MTG PYMT   0047261250      WEB ID: 1541322890",-1264.18,ACH_DEBIT,12759.73,,
DEBIT,05/11/2021,"Premier Communit RESIDENT    207779164      WEB ID: 2273639005",-163.95,ACH_DEBIT,14023.91,,
DEBIT,05/10/2021,"DISCOVER         E-PAYMENT  9883            WEB ID: 3510020270",-1401.14,ACH_DEBIT,14187.86,,
DEBIT,05/10/2021,"Amazon.com*YS84S6KJ3 Amzn.com/bill WA        05/09",-100.00,DEBIT_CARD,15589.00,,
DEBIT,05/10/2021,"SPECTRUM 855-707-7328 FL                     05/09",-84.99,DEBIT_CARD,15689.00,,
DEBIT,05/07/2021,"Zelle payment to Gary Miller 11730708327",-50.00,QUICKPAY_DEBIT,15773.99,,
CREDIT,05/07/2021,"EXPRESS SCRIPTS  DIR DEP                    PPD ID: 1431832983",2326.96,ACH_CREDIT,15823.99,,
DEBIT,05/06/2021,"TD AMERITRADE    ACH IN     a9KNEO1U99      WEB ID: 3470533629",-2950.00,ACH_DEBIT,13497.03,,
DEBIT,05/06/2021,"ACI*GUARDIAN PROTECTI 888-279-6971 PA        05/05",-53.74,DEBIT_CARD,16447.03,,
CHECK,04/30/2021,"CHECK 303  ",-100.00,CHECK_PAID,16500.77,303,
DEBIT,04/30/2021,"Amazon.com*IA5TS3353 Amzn.com/bill WA        04/29",-100.00,DEBIT_CARD,16600.77,,
DSLIP,04/30/2021,"DEPOSIT  ID NUMBER  55892",10000.00,DEPOSIT,16700.77,,
DEBIT,04/29/2021,"TECO/PEOPLE GAS  UTILITYBIL                 PPD ID: 9128751378",-69.68,ACH_DEBIT,6700.77,,
DEBIT,04/29/2021,"WESTSHORE PIZZA - CAUSE TAMPA FL             04/28",-10.20,DEBIT_CARD,6770.45,,
DEBIT,04/28/2021,"BRANDON HYUNDAI TAMPA FL                     04/27",-118.25,DEBIT_CARD,6780.65,,
CHECK,04/26/2021,"CHECK 302  04/26",-20.00,CHECK_PAID,6898.90,302,
DEBIT,04/26/2021,"HEALTHY PAWS PET INS TRACIM@HEALTH WA        04/25",-33.33,DEBIT_CARD,6918.90,,
CREDIT,04/23/2021,"EXPRESS SCRIPTS  DIR DEP                    PPD ID: 1431832983",2326.96,ACH_CREDIT,6952.23,,
CREDIT,04/21/2021,"SCHWAB BROKERAGE MONEYLINK                  PPD ID: 9005586224",50.00,ACH_CREDIT,4625.27,,
CHECK,04/20/2021,"CHECK 301  ",-100.00,CHECK_PAID,4575.27,301,
DEBIT,04/19/2021,"SCHWAB BROKERAGE MONEYLINK                  PPD ID: 9005586224",-50.00,ACH_DEBIT,4675.27,,
DEBIT,04/19/2021,"FID BKG SVC LLC  MONEYLINE                  PPD ID: 0368004600",-100.00,ACH_DEBIT,4725.27,,
DEBIT,04/15/2021,"The Animal Health Cente TAMPA FL             04/14",-131.00,DEBIT_CARD,4825.27,,
DEBIT,04/12/2021,"DISCOVER         E-PAYMENT  9883            WEB ID: 3510020270",-1472.94,ACH_DEBIT,4956.27,,
CREDIT,04/09/2021,"EXPRESS SCRIPTS  DIR DEP                    PPD ID: 1431832983",2326.96,ACH_CREDIT,6429.21,,
DEBIT,04/08/2021,"LAKEVIEW LN SRV  MTG PYMT   0047261250      WEB ID: 1541322890",-1264.18,ACH_DEBIT,4102.25,,
DEBIT,04/08/2021,"SPECTRUM 855-707-7328 FL                     04/08",-84.99,DEBIT_CARD,5366.43,,
CHECK,04/07/2021,"CHECK 300  ",-100.00,CHECK_PAID,5451.42,300,
DEBIT,04/06/2021,"Premier Communit RESIDENT    202939136      WEB ID: 2273639005",-163.95,ACH_DEBIT,5551.42,,
DEBIT,04/06/2021,"TD AMERITRADE    ACH IN     a9KNEO1U8F      WEB ID: 3470533629",-3000.00,ACH_DEBIT,5715.37,,
DEBIT,04/06/2021,"ACI*GUARDIAN PROTECTI 888-279-6971 PA        04/05",-53.74,DEBIT_CARD,8715.37,,
CREDIT,04/06/2021,"ALLY BANK        P2P        CRAIG E MILLER  WEB ID: 1770527921",3000.00,ACH_CREDIT,8769.11,,
DEBIT,04/05/2021,"ATM WITHDRAWAL                       009206  04/0310027 E A",-1000.00,ATM,5769.11,,
DEBIT,04/05/2021,"3288 GREAT CLIPS AT ALA LITHIA FL            04/03",-20.00,DEBIT_CARD,6769.11,,
DEBIT,04/05/2021,"Zelle payment to Gary Miller 11505521532",-50.00,QUICKPAY_DEBIT,6789.11,,
DEBIT,03/30/2021,"TECO/PEOPLE GAS  UTILITYBIL                 PPD ID: 9128751378",-68.71,ACH_DEBIT,6839.11,,
DEBIT,03/26/2021,"HEALTHY PAWS PET INS TRACIM@HEALTH WA        03/25",-58.33,DEBIT_CARD,6907.82,,
CREDIT,03/26/2021,"ROBINHOOD        Funds                      PPD ID: 1464364776",2000.00,ACH_CREDIT,6966.15,,
CREDIT,03/26/2021,"EXPRESS SCRIPTS  DIR DEP                    PPD ID: 1431832983",2297.90,ACH_CREDIT,4966.15,,
DEBIT,03/26/2021,"BLUEPEARL - BRANDON BRANDON FL               03/25",245.44,DEBIT_CARD,2668.25,,
CHECK,03/25/2021,"CHECK 299  ",-100.00,CHECK_PAID,2422.81,299,
DEBIT,03/25/2021,"BLUEPEARL - BRANDON 813-5713303 FL           03/24",-1800.00,DEBIT_CARD,2522.81,,
DEBIT,03/23/2021,"MED*TOWER IMAGING LLC TAMPA FL               03/22",-225.00,DEBIT_CARD,4322.81,,
CHECK,03/22/2021,"CHECK 298  03/22",-20.00,CHECK_PAID,4547.81,298,
DEBIT,03/22/2021,"ROBINHOOD        Funds      416866192       WEB ID: 1464364776",-3000.00,ACH_DEBIT,4567.81,,
DEBIT,03/16/2021,"ROBINHOOD        Funds      416866192       WEB ID: 1464364776",-5000.00,ACH_DEBIT,7567.81,,
DEBIT,03/16/2021,"PETSMART # 0320 BRANDON FL                   03/15",-219.14,DEBIT_CARD,12567.81,,
DEBIT,03/16/2021,"THE HOME DEPOT #6380 RIVERVIEW FL            03/14",-54.20,DEBIT_CARD,12786.95,,
DEBIT,03/15/2021,"NON-CHASE ATM FEE-WITH",-2.50,FEE_TRANSACTION,12841.15,,
DEBIT,03/15/2021,"NON-CHASE ATM FEE-WITH",-2.50,FEE_TRANSACTION,12843.65,,
DEBIT,03/15/2021,"NON-CHASE ATM WITHDRAW               249333  03/146805 ADAM",-230.00,ATM,12846.15,,
DEBIT,03/15/2021,"NON-CHASE ATM WITHDRAW               230528  03/149020 PROG",-203.09,ATM,13076.15,,
DEBIT,03/12/2021,"BRANDON HYUNDAI TAMPA FL                     03/12",-180.47,DEBIT_CARD,13279.24,,
CREDIT,03/12/2021,"EXPRESS SCRIPTS  DIR DEP                    PPD ID: 1431832983",2297.90,ACH_CREDIT,13459.71,,
CREDIT,03/12/2021,"EXPRESS SCRIPTS  DIR DEP                    PPD ID: 1431832983",8551.76,ACH_CREDIT,11161.81,,
DEBIT,03/11/2021,"SPECTRUM 855-707-7328 FL                     03/11",-84.99,DEBIT_CARD,2610.05,,
CREDIT,03/11/2021,"QuickPay with Zelle payment from SHAWN LAWLESS FTB017273512",10.00,PARTNERFI_TO_CHASE,2695.04,,
CHECK,03/10/2021,"CHECK 296  ",-100.00,CHECK_PAID,2685.04,296,
DEBIT,03/10/2021,"DISCOVER         E-PAYMENT  5988            WEB ID: 3510020270",-1321.93,ACH_DEBIT,2785.04,,
DEBIT,03/08/2021,"ACI*GUARDIAN PROTECTI 888-279-6971 PA        03/05",-54.24,DEBIT_CARD,4106.97,,
DEBIT,03/05/2021,"LAKEVIEW LN SRV  MTG PYMT   0047261250      WEB ID: 1541322890",-1264.18,ACH_DEBIT,4161.21,,
DEBIT,03/04/2021,"Premier Communit RESIDENT    198827849      WEB ID: 2273639005",-163.95,ACH_DEBIT,5425.39,,
DEBIT,03/03/2021,"TD AMERITRADE    ACH IN     a9KNEO1U7H      WEB ID: 3470533629",-50.00,ACH_DEBIT,5589.34,,
DEBIT,03/02/2021,"ROBINHOOD        Funds      416866192       WEB ID: 1464364776",-3000.00,ACH_DEBIT,5639.34,,
CREDIT,03/02/2021,"ALLY BANK        P2P        CRAIG E MILLER  WEB ID: 1770527921",3000.00,ACH_CREDIT,8639.34,,
DEBIT,03/01/2021,"QuickPay with Zelle payment to GARY B MILLER 11106564422",-65.00,QUICKPAY_DEBIT,5639.34,,
DEBIT,03/01/2021,"ROBINHOOD        Funds      416866192       WEB ID: 1464364776",-300.00,ACH_DEBIT,5704.34,,
DEBIT,03/01/2021,"8946 GREAT CLIPS AT PAV RIVERVIEW FL         02/28",-20.00,DEBIT_CARD,6004.34,,
DEBIT,03/01/2021,"TECO/PEOPLE GAS  UTILITYBIL                 PPD ID: 9128751378",-65.02,ACH_DEBIT,6024.34,,
CHECK,02/26/2021,"CHECK 245  ",-100.00,CHECK_PAID,6089.36,245,
CREDIT,02/26/2021,"EXPRESS SCRIPTS  DIR DEP                    PPD ID: 1431832983",2297.89,ACH_CREDIT,6189.36,,
CREDIT,02/24/2021,"IRS  TREAS 310     TAX REF                  PPD ID: 9111736946",676.00,ACH_CREDIT,3891.47,,
DEBIT,02/22/2021,"HOOTERS #8 TAMPA FL                          02/20",-17.32,DEBIT_CARD,3215.47,,
DEBIT,02/18/2021,"PROGRESSIVE *INSURANC 800-776-4737 OH        02/17",-673.00,DEBIT_CARD,3232.79,,
DSLIP,02/16/2021,"REMOTE ONLINE DEPOSIT #          1",50.00,CHECK_DEPOSIT,3905.79,1,
DEBIT,02/12/2021,"TERMINIX         CHECKS                     PPD ID: 1363478837",-90.00,ACH_DEBIT,3855.79,,
CREDIT,02/12/2021,"EXPRESS SCRIPTS  DIR DEP                    PPD ID: 1431832983",2297.91,ACH_CREDIT,3945.79,,
DEBIT,02/10/2021,"DISCOVER         E-PAYMENT  5988            WEB ID: 3510020270",-1546.83,ACH_DEBIT,1647.88,,
CHECK,02/09/2021,"CHECK 243  ",-100.00,CHECK_PAID,3194.71,243,
CHECK,02/08/2021,"CHECK 244  02/08",-40.00,CHECK_PAID,3294.71,244,
DEBIT,02/08/2021,"Amazon Prime*NX6XE3N Amzn.com/bill WA        02/08",-119.76,DEBIT_CARD,3334.71,,
DEBIT,02/08/2021,"SPECTRUM 855-707-7328 FL                     02/08",-84.99,DEBIT_CARD,3454.47,,
DEBIT,02/08/2021,"8946 GREAT CLIPS AT PAV RIVERVIEW FL         02/06",-20.00,DEBIT_CARD,3539.46,,
DEBIT,02/08/2021,"ACI*GUARDIAN PROTECTI 888-279-6971 PA        02/05",-54.24,DEBIT_CARD,3559.46,,
DEBIT,02/05/2021,"LAKEVIEW LN SRV  MTG PYMT   0047261250      WEB ID: 1541322890",-1264.18,ACH_DEBIT,3613.70,,
DEBIT,02/04/2021,"Premier Communit RESIDENT    195202209      WEB ID: 2273639005",-163.95,ACH_DEBIT,4877.88,,
CREDIT,02/04/2021,"QuickPay with Zelle payment from SHAWN LAWLESS FTB016225408",40.00,PARTNERFI_TO_CHASE,5041.83,,
DEBIT,02/03/2021,"BANFIELD 0320 BRANDON FL                     02/02",-479.16,DEBIT_CARD,5001.83,,
DEBIT,02/01/2021,"QuickPay with Zelle payment to GARY B MILLER 10957965263",-65.00,QUICKPAY_DEBIT,5480.99,,
DEBIT,02/01/2021,"Prime Video*BM9IA3D93 888-802-3080 WA        01/31",-6.76,DEBIT_CARD,5545.99,,
DEBIT,01/29/2021,"TECO/PEOPLE GAS  UTILITYBIL                 PPD ID: 9128751378",-61.88,ACH_DEBIT,5552.75,,
DEBIT,01/29/2021,"Samsung 800-7267864 NJ                       01/29",-1117.54,DEBIT_CARD,5614.63,,
CREDIT,01/29/2021,"EXPRESS SCRIPTS  DIR DEP                    PPD ID: 1431832983",2297.90,ACH_CREDIT,6732.17,,
CHECK,01/27/2021,"CHECK 242  ",-100.00,CHECK_PAID,4434.27,242,
DEBIT,01/27/2021,"CULLIGAN WATER 888-4404542 FL                01/25",-438.00,DEBIT_CARD,4534.27,,
DEBIT,01/25/2021,"HOOTERS #8 TAMPA FL                          01/23",-15.32,DEBIT_CARD,4972.27,,
CREDIT,01/22/2021,"EXPRESS SCRIPTS  DIR DEP                    PPD ID: 1431832983",1382.09,ACH_CREDIT,4987.59,,
DEBIT,01/19/2021,"5843 GREAT CLIPS AT GOO RIVERVIEW FL         01/18",-4.01,DEBIT_CARD,3605.50,,
CREDIT,01/15/2021,"EXPRESS SCRIPTS  DIR DEP                    PPD ID: 1431832983",2297.91,ACH_CREDIT,3609.51,,
DEBIT,01/14/2021,"1PASSWORD TORONTO ON                         01/13",-35.88,DEBIT_CARD,1311.60,,
DEBIT,01/11/2021,"ROBINHOOD        Funds      416866192       WEB ID: 1464364776",-1000.00,ACH_DEBIT,1347.48,,
DEBIT,01/11/2021,"DISCOVER         E-PAYMENT  5988            WEB ID: 3510020270",-1287.31,ACH_DEBIT,2347.48,,
CHECK,01/11/2021,"CHECK 240  ",-3231.98,CHECK_PAID,3634.79,240,
DEBIT,01/11/2021,"BEST BUY      00005603 BRANDON FL    625118  01/10",-303.79,DEBIT_CARD,6866.77,,
DEBIT,01/11/2021,"AMZN Mktp US*268RN0P Amzn.com/bill WA        01/11",-129.99,DEBIT_CARD,7170.56,,
DSLIP,01/11/2021,"REMOTE ONLINE DEPOSIT #          1",50.00,CHECK_DEPOSIT,7300.55,1,
DSLIP,01/11/2021,"REMOTE ONLINE DEPOSIT #          1",321.65,CHECK_DEPOSIT,7250.55,1,
DEBIT,01/08/2021,"SPECTRUM 855-707-7328 FL                     01/08",-84.99,DEBIT_CARD,6928.90,,
CHECK,01/08/2021,"CHECK 241  ",-13.20,CHECK_PAID,7013.89,241,
CREDIT,01/08/2021,"QuickPay with Zelle payment from GARY B MILLER 10967659774",10.00,QUICKPAY_CREDIT,7027.09,,
DEBIT,01/07/2021,"LAKEVIEW LN SRV  MTG PYMT   0047261250      WEB ID: 1541322890",-1256.08,ACH_DEBIT,7017.09,,
DEBIT,01/07/2021,"QuickPay with Zelle payment to GARY B MILLER 10957993607",-65.00,QUICKPAY_DEBIT,8273.17,,
DEBIT,01/06/2021,"ACI*GUARDIAN PROTECTI 888-279-6971 PA        01/05",-54.24,DEBIT_CARD,8338.17,,
DEBIT,01/06/2021,"Premier Communit RESIDENT    191619150      WEB ID: 2273639005",-163.95,ACH_DEBIT,8392.41,,
DEBIT,12/31/2020,"PUBLIX SUPER MAR 3863 RIVERVIEW FL           12/31 Purchase $29.98 Cash Back $50.00",-79.98,DEBIT_CARD,8556.36,,
CREDIT,12/31/2020,"EXPRESS SCRIPTS  DIR DEP                    PPD ID: 1431832983",2292.19,ACH_CREDIT,8636.34,,
DEBIT,12/29/2020,"TECO/PEOPLE GAS  UTILITYBIL                 PPD ID: 9128751378",-68.16,ACH_DEBIT,6344.15,,
CHECK,12/22/2020,"CHECK 239  ",-800.00,CHECK_PAID,6412.31,239,
DEBIT,12/22/2020,"QuickPay with Zelle payment to Gary Miller 10861991421",-65.00,QUICKPAY_DEBIT,7212.31,,
DEBIT,12/21/2020,"EXXONMOBIL    99553786 RIVERVIEW FL          12/18",-27.73,DEBIT_CARD,7277.31,,
CREDIT,12/18/2020,"EXPRESS SCRIPTS  DIR DEP                    PPD ID: 1431832983",2205.04,ACH_CREDIT,7305.04,,
DEBIT,12/14/2020,"SQ *MR AND MRS PINGUIN BRANDON FL            12/13",-1.50,DEBIT_CARD,5100.00,,
DEBIT,12/10/2020,"DISCOVER         E-PAYMENT  5988            WEB ID: 3510020270",-1592.89,ACH_DEBIT,5101.50,,
DEBIT,12/09/2020,"SPECTRUM 855-707-7328 FL                     12/09",-84.99,DEBIT_CARD,6694.39,,
DEBIT,12/07/2020,"ACI*GUARDIAN PROTECTI 888-279-6971 PA        12/05",-54.24,DEBIT_CARD,6779.38,,
DEBIT,12/04/2020,"LAKEVIEW LN SRV  MTG PYMT   0047261250      WEB ID: 1541322890",-1076.94,ACH_DEBIT,6833.62,,
DEBIT,12/04/2020,"BANFIELD 0320 BRANDON FL                     12/03",-221.87,DEBIT_CARD,7910.56,,
CREDIT,12/04/2020,"EXPRESS SCRIPTS  DIR DEP                    PPD ID: 1431832983",2205.05,ACH_CREDIT,8132.43,,
DEBIT,12/03/2020,"Premier Communit RESIDENT    187269438      WEB ID: 2273639005",-163.95,ACH_DEBIT,5927.38,,
DEBIT,12/02/2020,"ROBINHOOD        Funds      416866192       WEB ID: 1464364776",-1000.00,ACH_DEBIT,6091.33,,
DEBIT,12/01/2020,"TECO/PEOPLE GAS  UTILITYBIL                 PPD ID: 9128751378",-76.06,ACH_DEBIT,7091.33,,
CREDIT,11/27/2020,"QuickPay with Zelle payment from GARY B MILLER 10708423727",100.00,QUICKPAY_CREDIT,7167.39,,
DEBIT,11/24/2020,"TERMINIX         CHECKS                     PPD ID: 1363478837",-90.00,ACH_DEBIT,7067.39,,
CREDIT,11/20/2020,"EXPRESS SCRIPTS  DIR DEP                    PPD ID: 1431832983",2205.04,ACH_CREDIT,7157.39,,
DEBIT,11/19/2020,"5843 GREAT CLIPS AT GOO RIVERVIEW FL         11/18",-52.97,DEBIT_CARD,4952.35,,
DEBIT,11/13/2020,"BANFIELD 0320 BRANDON FL                     11/12",-356.21,DEBIT_CARD,5005.32,,
DEBIT,11/13/2020,"PETSMART # 0320 BRANDON FL                   11/12",-82.37,DEBIT_CARD,5361.53,,
DEBIT,11/10/2020,"ROBINHOOD        Funds      416866192       WEB ID: 1464364776",-1000.00,ACH_DEBIT,5443.90,,
DEBIT,11/10/2020,"DISCOVER         E-PAYMENT  5988            WEB ID: 3510020270",-1368.28,ACH_DEBIT,6443.90,,
DEBIT,11/10/2020,"QuickPay with Zelle payment to Gary Miller 10615938644",-65.00,QUICKPAY_DEBIT,7812.18,,
DEBIT,11/09/2020,"SPECTRUM 855-707-7328 FL                     11/08",-69.99,DEBIT_CARD,7877.18,,
DEBIT,11/06/2020,"ACI*GARDIAN PROTECTIO 888-279-6971 PA        11/05",-54.24,DEBIT_CARD,7947.17,,
CREDIT,11/06/2020,"EXPRESS SCRIPTS  DIR DEP                    PPD ID: 1431832983",2205.05,ACH_CREDIT,8001.41,,
DSLIP,11/06/2020,"REMOTE ONLINE DEPOSIT #          1",50.00,CHECK_DEPOSIT,5796.36,1,
DEBIT,11/04/2020,"Premier Communit RESIDENT    183987913      WEB ID: 2273639005",-163.95,ACH_DEBIT,5746.36,,
DEBIT,11/04/2020,"LAKEVIEW LN SRV  MTG PYMT   0047261250      WEB ID: 1541322890",-1076.94,ACH_DEBIT,5910.31,,
DEBIT,11/03/2020,"ROBINHOOD        Funds      416866192       WEB ID: 1464364776",-1000.00,ACH_DEBIT,6987.25,,
DEBIT,10/28/2020,"TECO/PEOPLE GAS  UTILITYBIL                 PPD ID: 9128751378",-80.99,ACH_DEBIT,7987.25,,
CREDIT,10/26/2020,"ROBINHOOD        Funds                      PPD ID: 1464364776",1000.00,ACH_CREDIT,8068.24,,
DSLIP,10/26/2020,"REMOTE ONLINE DEPOSIT #          1",300.00,CHECK_DEPOSIT,7068.24,1,
DSLIP,10/26/2020,"REMOTE ONLINE DEPOSIT #          1",1000.00,CHECK_DEPOSIT,6768.24,1,
DEBIT,10/23/2020,"BANFIELD 0320 BRANDON FL                     10/22",-462.10,DEBIT_CARD,5768.24,,
CREDIT,10/23/2020,"EXPRESS SCRIPTS  DIR DEP                    PPD ID: 1431832983",2205.05,ACH_CREDIT,6230.34,,
DEBIT,10/20/2020,"ROBINHOOD        Funds      416866192       WEB ID: 1464364776",-2000.00,ACH_DEBIT,4025.29,,
DEBIT,10/20/2020,"QuickPay with Zelle payment to Puppy People JPM456455252",-850.00,CHASE_TO_PARTNERFI,6025.29,,
DEBIT,10/13/2020,"DISCOVER         E-PAYMENT  5988            WEB ID: 3510020270",-1139.54,ACH_DEBIT,6875.29,,
DEBIT,10/13/2020,"QuickPay with Zelle payment to Gary Miller 10443447440",-65.00,QUICKPAY_DEBIT,8014.83,,
DEBIT,10/09/2020,"SPECTRUM 855-707-7328 FL                     10/09",-69.99,DEBIT_CARD,8079.83,,
CREDIT,10/09/2020,"EXPRESS SCRIPTS  DIR DEP                    PPD ID: 1431832983",2205.04,ACH_CREDIT,8149.82,,
DEBIT,10/08/2020,"BRANDON HYUNDAI TAMPA FL                     10/07",-177.85,DEBIT_CARD,5944.78,,
DEBIT,10/07/2020,"LAKEVIEW LN SRV  MTG PYMT   0047261250      WEB ID: 1541322890",-1069.83,ACH_DEBIT,6122.63,,
DEBIT,10/06/2020,"GUARDIAN PROTECT SVCS 888-2796971 PA         10/05",-54.24,DEBIT_CARD,7192.46,,
DEBIT,10/06/2020,"Premier Communit RESIDENT    181118723      WEB ID: 2273639005",-163.95,ACH_DEBIT,7246.70,,
DEBIT,10/01/2020,"LAKEVIEW LN SRV  MTG PYMT   0047261250      WEB ID: 1541322890",-1117.64,ACH_DEBIT,7410.65,,
DEBIT,09/30/2020,"Premier Communit RESIDENT    179394117      WEB ID: 2273639005",-188.95,ACH_DEBIT,8528.29,,
DEBIT,09/28/2020,"TECO/PEOPLE GAS  UTILITYBIL                 PPD ID: 9128751378",-86.83,ACH_DEBIT,8717.24,,
DEBIT,09/28/2020,"HILLSBOROUGH COUNTY DE 813-5465309 FL        09/26",-51.83,DEBIT_CARD,8804.07,,
CREDIT,09/25/2020,"EXPRESS SCRIPTS  DIR DEP                    PPD ID: 1431832983",2205.05,ACH_CREDIT,8855.90,,
CHECK,09/15/2020,"CHECK 238  ",-100.00,CHECK_PAID,6650.85,238,
DEBIT,09/14/2020,"PROGRESS MART RIVERVIEW FL                   09/13",-3.03,DEBIT_CARD,6750.85,,
CREDIT,09/11/2020,"EXPRESS SCRIPTS  DIR DEP                    PPD ID: 1431832983",2205.05,ACH_CREDIT,6753.88,,
DEBIT,09/10/2020,"DISCOVER         E-PAYMENT  5988            WEB ID: 3510020270",-1165.33,ACH_DEBIT,4548.83,,
DEBIT,09/10/2020,"QuickPay with Zelle payment to Gary Miller 10268048415",-65.00,QUICKPAY_DEBIT,5714.16,,
DEBIT,09/08/2020,"GUARDIAN PROTECT SVCS 888-2796971 PA         09/05",-54.24,DEBIT_CARD,5779.16,,
DEBIT,09/08/2020,"SPECTRUM 855-707-7328 FL                     09/08",-69.99,DEBIT_CARD,5833.40,,
DEBIT,09/08/2020,"BEST BUY      00005603 BRANDON FL    972273  09/08",-260.38,DEBIT_CARD,5903.39,,
DEBIT,08/28/2020,"TECO/PEOPLE GAS  UTILITYBIL                 PPD ID: 9128751378",-77.05,ACH_DEBIT,6163.77,,
CREDIT,08/28/2020,"EXPRESS SCRIPTS  DIR DEP                    PPD ID: 1431832983",2205.05,ACH_CREDIT,6240.82,,
DEBIT,08/24/2020,"PROGRESSIVE *INSURANC 800-776-4737 OH        08/23",-680.00,DEBIT_CARD,4035.77,,
DEBIT,08/21/2020,"TERMINIX         CHECKS                     PPD ID: 1363478837",-85.00,ACH_DEBIT,4715.77,,
DEBIT,08/20/2020,"ROBINHOOD        Funds      416866192       WEB ID: 1464364776",-2.00,ACH_DEBIT,4800.77,,
DEBIT,08/20/2020,"ROBINHOOD        Funds      416866192       WEB ID: 1464364776",-27.00,ACH_DEBIT,4802.77,,
CREDIT,08/14/2020,"EXPRESS SCRIPTS  DIR DEP                    PPD ID: 1431832983",2205.04,ACH_CREDIT,4829.77,,
DEBIT,08/13/2020,"QuickPay with Zelle payment to Gary Miller 10110678777",-65.00,QUICKPAY_DEBIT,2624.73,,
CREDIT,08/13/2020,"QuickPay with Zelle payment from RICHARD S KESSLER 10111578958",11.00,QUICKPAY_CREDIT,2689.73,,
CREDIT,08/13/2020,"QuickPay with Zelle payment from JOSEPH DOBSON NAV0FLUENRLH",12.00,PARTNERFI_TO_CHASE,2678.73,,
DEBIT,08/11/2020,"BEST BUY      00005603 BRANDON FL    348989  08/11",-1030.74,DEBIT_CARD,2666.73,,
DEBIT,08/10/2020,"SPECTRUM 855-707-7328 FL                     08/08",-69.99,DEBIT_CARD,3697.47,,
DEBIT,08/10/2020,"DISCOVER         E-PAYMENT  5988            WEB ID: 3510020270",-957.41,ACH_DEBIT,3767.46,,
DEBIT,08/10/2020,"PAYPAL *TAMPAFUNCOA 402-935-7733 CA          08/09",-100.00,DEBIT_CARD,4724.87,,
DEBIT,08/10/2020,"CUROPAY*BITLOVE INC. +18332485683            08/08",-30.00,DEBIT_CARD,4824.87,,
CREDIT,08/10/2020,"PROG SELECT INS  REFUND                     PPD ID: 9409348120",1.22,ACH_CREDIT,4854.87,,
CHECK,08/07/2020,"CHECK 236  ",-69.10,CHECK_PAID,4853.65,236,
DEBIT,08/07/2020,"QuickPay with Zelle payment to NYC Meeting JPM413895954",-1.00,CHASE_TO_PARTNERFI,4922.75,,
DEBIT,08/06/2020,"GUARDIAN PROTECT SVCS 888-2796971 PA         08/05",-54.24,DEBIT_CARD,4923.75,,
DEBIT,08/05/2020,"Premier Communit RESIDENT    174069470      WEB ID: 2273639005",-163.95,ACH_DEBIT,4977.99,,
DEBIT,08/05/2020,"LAKEVIEW LN SRV  MTG PYMT   0047261250      WEB ID: 1541322890",-1069.83,ACH_DEBIT,5141.94,,
DEBIT,08/04/2020,"ALLY BANK        $TRANSFER  2447267427      WEB ID: 3770527921",-6000.00,ACH_DEBIT,6211.77,,
CREDIT,07/31/2020,"EXPRESS SCRIPTS  DIR DEP                    PPD ID: 1431832983",2205.05,ACH_CREDIT,12211.77,,
DEBIT,07/29/2020,"TECO/PEOPLE GAS  UTILITYBIL                 PPD ID: 9128751378",-69.31,ACH_DEBIT,10006.72,,
DEBIT,07/28/2020,"AMERIS BANK      LOAN PMT   08415288820-000 WEB ID: D581111076",-1873.40,ACH_DEBIT,10076.03,,
DEBIT,07/28/2020,"ALLY BANK        $TRANSFER  2425521697      WEB ID: 3770527921",-10000.00,ACH_DEBIT,11949.43,,
CHECK,07/21/2020,"CHECK 232  ",-50.00,CHECK_PAID,21949.43,232,
CHECK,07/21/2020,"CHECK 231  ",-40.00,CHECK_PAID,21999.43,231,
CHECK,07/21/2020,"CHECK 229  ",-20.00,CHECK_PAID,22039.43,229,
DEBIT,07/20/2020,"Fidelity Bank    WEBPAYS    3687-071720-760 WEB ID: 1000000760",-2500.00,ACH_DEBIT,22059.43,,
CHECK,07/20/2020,"CHECK 235  ",-107.22,CHECK_PAID,24559.43,235,
DEBIT,07/20/2020,"QuickPay with Zelle payment to Craig Miller JPM402879136",-1.00,CHASE_TO_PARTNERFI,24666.65,,
CREDIT,07/20/2020,"QuickPay with Zelle payment from Craig Miller COF8RJY3GA7C",1.00,PARTNERFI_TO_CHASE,24667.65,,
CREDIT,07/17/2020,"EXPRESS SCRIPTS  DIR DEP                    PPD ID: 1431832983",2205.04,ACH_CREDIT,24666.65,,
DEBIT,07/15/2020,"Fidelity Bank    WEBPAYS    3687-071420-760 WEB ID: 1000000760",-2500.00,ACH_DEBIT,22461.61,,
DEBIT,07/13/2020,"Fidelity Bank    WEBPAYS    3687-071020-760 WEB ID: 1000000760",-2500.00,ACH_DEBIT,24961.61,,
DEBIT,07/10/2020,"DISCOVER         E-PAYMENT  5988            WEB ID: 3510020270",-905.71,ACH_DEBIT,27461.61,,
DEBIT,07/10/2020,"QuickPay with Zelle payment to Gary Miller 9926434398",-65.00,QUICKPAY_DEBIT,28367.32,,
DEBIT,07/09/2020,"SPECTRUM 855-707-7328 FL                     07/09",-69.99,DEBIT_CARD,28432.32,,
DEBIT,07/08/2020,"ROBINHOOD        Funds      416866192       WEB ID: 1464364776",-100.00,ACH_DEBIT,28502.31,,
DEBIT,07/08/2020,"ROBINHOOD        Funds      416866192       WEB ID: 1464364776",-500.00,ACH_DEBIT,28602.31,,
DEBIT,07/08/2020,"Fidelity Bank    WEBPAYS    3687-070720-760 WEB ID: 1000000760",-2500.00,ACH_DEBIT,29102.31,,
DEBIT,07/06/2020,"NON-CHASE ATM FEE-WITH",-2.50,FEE_TRANSACTION,31602.31,,
DEBIT,07/06/2020,"GUARDIAN PROTECT SVCS 888-2796971 PA         07/05",-54.24,DEBIT_CARD,31604.81,,
DEBIT,07/06/2020,"NON-CHASE ATM WITHDRAW               165064  07/053863 SOUT",-402.95,ATM,31659.05,,
DEBIT,07/03/2020,"LAKEVIEW LN SRV  MTG PYMT   0047261250      WEB ID: 1541322890",-1069.83,ACH_DEBIT,32062.00,,
CREDIT,07/03/2020,"EXPRESS SCRIPTS  DIR DEP                    PPD ID: 1431832983",2205.05,ACH_CREDIT,33131.83,,
DEBIT,07/02/2020,"Premier Communit RESIDENT    169994084      WEB ID: 2273639005",-163.95,ACH_DEBIT,30926.78,,
CREDIT,07/01/2020,"ALLY BANK        P2P        CRAIG E MILLER  WEB ID: 1770527921",5000.00,ACH_CREDIT,31090.73,,
CREDIT,07/01/2020,"ALLY BANK        P2P        CRAIG E MILLER  WEB ID: 1770527921",20000.00,ACH_CREDIT,26090.73,,
DEBIT,06/30/2020,"STOP PAYMENT FEE",-30.00,FEE_TRANSACTION,6090.73,,
DEBIT,06/29/2020,"TECO/PEOPLE GAS  UTILITYBIL                 PPD ID: 9128751378",-65.76,ACH_DEBIT,6120.73,,
DEBIT,06/26/2020,"FBPAY - FUNDRAISER STRIPE.COM CA             06/25",-100.00,DEBIT_CARD,6186.49,,
CREDIT,06/24/2020,"Square Inc       * Cash App T200245047864   CCD ID: 8800429876",15.00,ACH_CREDIT,6286.49,,
DEBIT,06/23/2020,"ROBINHOOD        Funds      416866192       WEB ID: 1464364776",-130.00,ACH_DEBIT,6271.49,,
DEBIT,06/23/2020,"QuickPay with Zelle payment to Craig Miller JPM388733866",-96.00,CHASE_TO_PARTNERFI,6401.49,,
DEBIT,06/23/2020,"QuickPay with Zelle payment to Craig Miller JPM388730017",-15.00,CHASE_TO_PARTNERFI,6497.49,,
DEBIT,06/23/2020,"QuickPay with Zelle payment to Gary Miller 9823575149",-65.00,QUICKPAY_DEBIT,6512.49,,
CREDIT,06/22/2020,"QuickPay with Zelle payment from Craig Miller COFI1C6I00OA",20.00,PARTNERFI_TO_CHASE,6577.49,,
